@Manual{EUR-Lex,
  title = 	 {Mišljenje Europskog gospodarskog i socijalnog odbora o komunikaciji Komisije Europskom parlamentu  i  Vijeću},
  author = 	 {EUR-Lex},
  organization = {Europska unija},
  year = 	 {2014},
  url = 	 {http://eur-lex.europa.eu/legal-content/HR/ALL/?uri=CELEX:52014AE3189}
}

@Manual{ModelHexacopter,
  title = 	 {Mathematical Modeling of Hexacopter},
  author = 	 {A. Alaimo, V. Artale, C. Milazzo},
  year = 	 {2013},
  url = 	 {https://ieeexplore.ieee.org/document/6564793/}
}

@Manual{UAV,
  title = 	 {Unmanned Aerial Vehicles: An Overview},
  author = 	 {Bento M.F.},
  year = 	 {2008},
  url = 	 {http://www.insidegnss.com/auto/janfeb08-wp.pdf}
}

@Manual{vrsteDronova,
	url = 	 {http://ig-legacy.ft.com/content/2eeba9b0-21d5-11e3-bb64-00144feab7de#axzz3ncUYZQvo}
}

@Book{unmannedAircraftSystem,
  author = 	 {Barnhat Richard K., Hottman Stephen B., Marshall Douglas M., Shappee Erick,},
  title = 	 {Introduction tu unmanned aircraft systems},
  publisher = 	 {CRC Press, New York},
  year = 	 {2012},
  url = 	 {http://rahauav.com/Library/Unmanned%20Vehicles/Introduction_to_Unmanned_A
ircraft_Systems.pdf/},
  pages   = "2"
}

@Book{UAVSystems,
  author = 	 {Fahlstorm Paul Gerin, Gleason Thomas James},
  title = 	 {Introduction to UAV Systems},
  publisher = 	 {Wiley, United Kingdom},
  year = 	 {2012},
  url = 	 {https://books.google.hr/books?id=uLsNtm99IWYC&printsec=frontcover&dq=uav&hl=hr&sa=X&ved=0ahUKEwjK6rPkw5jOAhXEYJoKHRZZCc0Q6AEIPTAD#v=onepage&q=drone&f=false},
  pages   = "3--4"
}

@Book{Hardin,
  author = 	 {Hardin Perry J., Hardin Thomas J.},
  title = 	 {Small - Scale Remotely Piloted Vehicles in Environmental Research},
  publisher = 	 {Wiley, United Kingdom},
  year = 	 {2010},
  url = 	 {http://onlinelibrary.wiley.com/wol1/doi/10.1111/j.1749-8198.2010.00381.x/full},
  pages   = "1"
}

@Book{Drones,
  author = 	 {Kakaes Konstantin, Greenwood Faine, Lippicott Mathew, Dosemagen Shannon, Meier Patrick, Wich Serge},
  title = 	 {Drones And Aerial Observation: New Technologies For Property Rights, Human Rights, And Global Development A Primer},
  publisher = 	 {New America},
  year = 	 {2015},
  url = 	 {http://drones.newamerica.org/primer/DronesAndAerialObservation.pdf)},
  pages   = "10; 13"
}

@article{Ekscentar,
	author  = "Govorčin M., Kovačić F., Žižić I.",
	title   = "Bespilotne letjelice SenseFly Swinglet CAM",
	year    = "2012",
	journal = "Ekscentar",
	volume  = "15",
	number  = "15",
	pages   = "62--68"
}

@manual{Zilic,
    author = {Žilić A.},
    title = {Primjena    bespilotnih    letjelica    u    geodeziji    na    primjeru aerofotogrametrijskog sistema SenseFly eBee},
    year    = "2015",
    url = {http://www.ctan.org/tex-archive/info/lshort/english/lshort.pdf}
}

@manual{AdvantagesofUAS,
    author = {Unmanned Aerial Vehicle Systems Association},
    title = {Advantages of UAS},
    year    = "2016",
    url = {https://www.uavs.org/advantages}
}

@manual{PhilForHumanity,
    author = {Phil for Humanity},
    title = {The Pros and Cons of Drones},
    year    = "2016",
    url = {http://www.philforhumanity.com/Drones.html}
}

@manual{Soffar,
    author = {Soffar Heba},
    title = {Unmanned aerial vehicle (UAV) uses, advantages and disadvatages},
    year    = "2016",
    url = {http://www.online-sciences.com/technology/unmanned-aerial-vehicle-uses-advantages-and-disadvantages/}
}

@manual{UAVInsider,
    author = {UAV Insider},
    title = {What is the difference between a Drone, a UAV and a UAS?},
    year    = "2013",
    url = {http://www.uavinsider.com/what-is-the-difference-between-a-drone-a-uav-and-a-uas/}
}

@manual{Allianz,
    author = {Allianz Hrvatska},
    title = {Sve veća rasprostranjenost dronova donosi korist, ali i nove rizike},
    year    = "2017",
    url = {http://www.svijetosiguranja.eu/hr/novosti/sve-veca-rasprostranjenost-dronova-donosi-korist-ali-i-nove-rizike,19453.html}
}

@manual{Military,
    author = {Unmanned Aerial Vehicle Systems Association},
    title = {Military UAS Application},
    year    = "2016",
    url = {https://www.uavs.org/military}
}

@manual{GeoTron,
    author = {Geo-Tron d.o.o.},
    title = {Primjena u poljoprivredi i na farmama},
    year    = "2015",
    url = {http://geo-tron.hr/bespilotne-letjelice-2/}
}

@manual{Vindis,
    author = {Vindiš, M. },
    title = {Bespilotne    letjelice},
    year    = "2014",
    url = {https://prezi.com/clqoauagm-1s/copy-of-bespilotne-letjelice/}
}

@manual{MathematicalModeling,
    author = {A. Alaimo, V. Artale, C. Milazzo, A. Ricciardello, L. Trefilett},
    title = {Mathematical Modeling and Control of a Hexacopter},
    year    = "2013",
    url = {https://ieeexplore.ieee.org/document/6564793/}
}

@manual{Baotic,
    author = {Baotić, Mato },
    title = {Sinteza linearnih sustava upravljanja },
    publisher = {Sveučilište u Zagrebu Fakultet elektrotehnike i računarstva },
    year    = "2018",
    url = {http://www.fer.unizg.hr/_download/repository/SLSU_SveucilisniPrirucnik_2018_05_18.pdf}
}

@manual{AUzbirka,
    author = {Jadranko Matuško, Mario Vašak, Marija Seder },
    title = {AUTOMATSKO UPRAVLJANJE - Zadaci za vježbu},
    publisher = {Sveučilište u Zagrebu Fakultet elektrotehnike i računarstva },
    year    = "2006",
    url = {https://www.fer.unizg.hr/_download/repository/AU_zadaci_v0.3[1].pdf}
}